<record><leader>00000cas a22000007a 4500</leader><controlfield tag="001">11660235</controlfield><controlfield tag="008">850205d18701894wiuwr ne      0    0eng d</controlfield><datafield ind1=" " ind2=" " tag="010"><subfield code="a">sn 85033086 </subfield></datafield><datafield ind1=" " ind2=" " tag="040"><subfield code="a">NPU</subfield><subfield code="b">eng</subfield><subfield code="c">NPU</subfield><subfield code="d">NPV</subfield><subfield code="d">NPX</subfield><subfield code="d">NYS</subfield><subfield code="d">OCLCQ</subfield></datafield><datafield ind1=" " ind2=" " tag="042"><subfield code="a">msc</subfield></datafield><datafield ind1=" " ind2=" " tag="045"><subfield code="a">w7w9</subfield></datafield><datafield ind1=" " ind2=" " tag="052"><subfield code="a">4123</subfield><subfield code="b">B7</subfield></datafield><datafield ind1="0" ind2=" " tag="130"><subfield code="a">State gazette (Green Bay, Wis. : 1870)</subfield></datafield><datafield ind1="1" ind2="0" tag="245"><subfield code="a">State gazette.</subfield></datafield><datafield ind1=" " ind2=" " tag="260"><subfield code="a">Green Bay, Wis. :</subfield><subfield code="b">Hoskinson &amp; Follett,</subfield><subfield code="c">1870-1894.</subfield></datafield><datafield ind1=" " ind2=" " tag="300"><subfield code="a">v. :</subfield><subfield code="b">ill. (chiefly advertisements) ;</subfield><subfield code="c">75 cm.</subfield></datafield><datafield ind1=" " ind2=" " tag="310"><subfield code="a">Weekly</subfield></datafield><datafield ind1="0" ind2=" " tag="362"><subfield code="a">Vol. 5, no. 24 (Aug. 13, 1870)-v. 29, no. 27 (Aug. 1, 1894).</subfield></datafield><datafield ind1=" " ind2=" " tag="500"><subfield code="a">Publisher varies.</subfield></datafield><datafield ind1=" " ind2=" " tag="500"><subfield code="a">"Forward" appears over title ornament.</subfield></datafield><datafield ind1=" " ind2=" " tag="530"><subfield code="a">Available on microfilm from The State Historical Society of Wisconsin.</subfield></datafield><datafield ind1=" " ind2=" " tag="580"><subfield code="a">Daily ed.: Daily state gazette, 1871-1894.</subfield></datafield><datafield ind1=" " ind2=" " tag="752"><subfield code="a">United States</subfield><subfield code="b">Wisconsin</subfield><subfield code="c">Brown</subfield><subfield code="d">Green Bay.</subfield></datafield><datafield ind1="0" ind2=" " tag="775"><subfield code="t">Daily state gazette (Green Bay, Wis. : 1871)</subfield><subfield code="w">(DLC)sn 85033088</subfield></datafield><datafield ind1="0" ind2="0" tag="780"><subfield code="t">Green Bay gazette (Green Bay, Wis. : 1866)</subfield><subfield code="w">(DLC)sn 86086228</subfield></datafield><datafield ind1="0" ind2="0" tag="785"><subfield code="t">Green Bay weekly gazette</subfield><subfield code="w">(DLC)sn 86086229</subfield></datafield><datafield ind1="1" ind2=" " tag="029"><subfield code="a">AU@</subfield><subfield code="b">000020348507</subfield></datafield></record>